<record xmlns="http://www.loc.gov/MARC21/slim" xmlns:xsi="http://www.w3.org/2001/XMLSchema-instance" xsi:schemaLocation="http://www.loc.gov/MARC21/slim http://www.loc.gov/standards/marcxml/schema/MARC21slim.xsd"><leader>     nam a22        4500</leader><controlfield tag="001">3122361</controlfield><controlfield tag="003">NNC</controlfield><controlfield tag="006">m        d        </controlfield><controlfield tag="007">cr cn |||m|||a</controlfield><controlfield tag="008">150313m19291930sy      o     000 0 ara d</controlfield><datafield ind1=" " ind2=" " tag="040"><subfield code="a">NNU</subfield><subfield code="b">eng</subfield><subfield code="e">rda</subfield><subfield code="c">NNU</subfield></datafield><datafield ind1=" " ind2="4" tag="050"><subfield code="a">BP75</subfield><subfield code="b">.I13 T93 1929</subfield></datafield><datafield ind1="1" ind2=" " tag="100"><subfield code="a">Ibn T&#803;u&#772;lu&#772;n, Shams al-Di&#772;n Muh&#803;ammad ibn &#699;Ali&#772;,</subfield><subfield code="d">1485?-1546.</subfield></datafield><datafield ind1="1" ind2="0" tag="245"><subfield code="a">I&#699;la&#772;m al-sa&#772;&#700;ili&#772;n.</subfield></datafield><datafield ind1=" " ind2=" " tag="260"><subfield code="a">Dimashq (Syria),</subfield><subfield code="b">Mat&#803;ba&#699;at al-Taraqqi&#772;,</subfield><subfield code="c">[1929/30]</subfield></datafield><datafield ind1=" " ind2=" " tag="300"><subfield code="a">online resource (55 pages)</subfield></datafield><datafield ind1=" " ind2=" " tag="336"><subfield code="a">text</subfield><subfield code="2">rdacontent</subfield></datafield><datafield ind1=" " ind2=" " tag="337"><subfield code="a">computer</subfield><subfield code="2">rdamedia</subfield></datafield><datafield ind1=" " ind2=" " tag="338"><subfield code="a">online resource</subfield><subfield code="2">rdacarrier</subfield></datafield><datafield ind1=" " ind2=" " tag="500"><subfield code="a">Part of the Arabic Collections Online (ACO) project, contributed by Columbia University Libraries.</subfield></datafield><datafield ind1=" " ind2=" " tag="533"><subfield code="a">Electronic reproduction.</subfield><subfield code="b">New York, N.Y. :</subfield><subfield code="c">New York University,</subfield><subfield code="d">2015.</subfield><subfield code="5">NNU</subfield></datafield><datafield ind1="0" ind2="0" tag="600"><subfield code="a">Muh&#803;ammad,</subfield><subfield code="c">Prophet,</subfield><subfield code="d">-632.</subfield></datafield><datafield ind1="0" ind2="7" tag="600"><subfield code="a">Muh&#803;ammad,</subfield><subfield code="c">Prophet,</subfield><subfield code="d">-632</subfield><subfield code="2">fast</subfield><subfield code="0">(OCoLC)fst01836298</subfield></datafield><datafield ind1="2" ind2=" " tag="710"><subfield code="a">Columbia University.</subfield><subfield code="b">Libraries.</subfield></datafield><datafield ind1="0" ind2=" " tag="730"><subfield code="a">Arabic Collections Online.</subfield></datafield><datafield ind1="0" ind2="8" tag="776"><subfield code="i">Print version:</subfield><subfield code="a">Ibn T&#803;u&#772;lu&#772;n, Shams al-Di&#772;n Muh&#803;ammad ibn &#699;Ali&#772;, 1485?-1546.</subfield><subfield code="t">I&#699;la&#772;m al-sa&#772;&#700;ili&#772;n</subfield><subfield code="w">(NNC)3122361</subfield><subfield code="w">(OCoLC)23505220</subfield></datafield><datafield ind1="4" ind2="0" tag="856"><subfield code="u">http://hdl.handle.net/2333.1/4j0zpfkb</subfield></datafield><datafield ind1=" " ind2=" " tag="959"><subfield code="a">NNU</subfield><subfield code="b">WEB</subfield><subfield code="c">GENI</subfield><subfield code="t">0</subfield><subfield code="m">Electronic access</subfield><subfield code="s">01</subfield></datafield><datafield ind1=" " ind2=" " tag="999"><subfield code="i">NNC_3122361</subfield><subfield code="o">(OCoLC)ocm23505220 </subfield><subfield code="s">columbia_aco000499</subfield><subfield code="e">(ERROR-880)</subfield></datafield></record>